@book{marker_2010, place={New York}, title={ Model Theory: An Introduction}, publisher={Springer}, author={Marker, David}, year={2002}}

@book{hodges_1997, place={Cambridge}, title={A Shorter Model Theory}, publisher={Springer}, author={Wilfrid Hodges}, year={1997}} 

@book{bosch_2013, place={Berlin}, title={Algebra}, publisher={Springer Spektrum}, author={Bosch, Siegfried}, year={2013}}

@article{chatzidakes_2004, place{Paris}, title={Introduction notes on the model theory of valued fields}, author={Chatzidakes, Zo√©}, year={2004}}

@book{hungerford_1996, place={New York}, title={Algebra}, publisher={Springer}, author={Hungerford, Thomas W.}, year={1996}}

@book{engler_2005, place={Berlin; New York}, title={Valued fields}, publisher={Springer}, author={Antonio J. Engler, Prestel, Alexander}, year={1975}}

@book{lang_2008, place={New York}, title={Algebra}, publisher={Springer}, author={Lang, Serge}, year={2008}}

@book{serre_1977, place={New York}, title={Linear representations of finite groups}, publisher={Springer}, author={Serre, J.-P}, year={1977}}

@book{vinberg_2012, place={New Delhi}, title={A course in algebra}, publisher={Universities Press}, author={Vinberg, E. B.}, year={2012}}